% BERT
@inproceedings{devlin2019bert,
  title={BERT: Pre-training of Deep Bidirectional Transformers for Language Understanding},
  author={Devlin, Jacob and Chang, Ming-Wei and Lee, Kenton and Toutanova, Kristina},
  booktitle={Proceedings of NAACL-HLT},
  year={2019}
}

% BART
@inproceedings{lewis2019bart,
  title={BART: Denoising Sequence-to-Sequence Pre-training for Natural Language Generation, Translation, and Comprehension},
  author={Lewis, Mike and Liu, Yinhan and Goyal, Naman and Ghazvininejad, Marjan and Mohamed, Abdelrahman and Levy, Omer and Stoyanov, Veselin and Zettlemoyer, Luke},
  booktitle={Proceedings of ACL},
  year={2019}
}

% T5
@inproceedings{raffel2020exploring,
  title={Exploring the Limits of Transfer Learning with a Unified Text-to-Text Transformer},
  author={Raffel, Colin and Shazeer, Noam and Roberts, Adam and Lee, Katherine and Narang, Sharan and Matena, Michael and Zhou, Yanqi and Li, Wei and Liu, Peter J},
  booktitle={Journal of Machine Learning Research},
  year={2020}
}

@inproceedings{riedl2021explainable,
  title={Explainable NLP: A Survey},
  author={Riedl, Martin and Biemann, Chris and Eckle-Kohler, Judith and Gurevych, Iryna},
  booktitle={Proceedings of the 16th Conference of the European Chapter of the Association for Computational Linguistics: Tutorial Abstracts},
  year={2021}
}

@inproceedings{davidson2017automated,
  title={Automated Hate Speech Detection and the Problem of Offensive Language},
  author={Davidson, Thomas and Warmsley, Dana and Macy, Michael and Weber, Ingmar},
  booktitle={Proceedings of the 11th International Conference on Web and Social Media (ICWSM)},
  pages={512--515},
  year={2017}
}

@article{das2018improved,
  title={An Improved Text Sentiment Classification Model Using TF-IDF},
  author={Das, Biswajit},
  journal={arXiv preprint arXiv:1803.06750},
  year={2018}
}

@inproceedings{pak2010twitter,
  title={Twitter as a Corpus for Sentiment Analysis and Opinion Mining},
  author={Pak, Alexander and Paroubek, Patrick},
  booktitle={Proceedings of the Seventh International Conference on Language Resources and Evaluation (LREC'10)},
  pages={1320--1326},
  year={2010}
}

@article{zhang2018detecting,
  title={Detecting Hate Speech and Offensive Language on Twitter},
  author={Zhang, Ziqi and Robinson, David and Tepper, Jonathan},
  journal={arXiv preprint arXiv:1809.04444},
  year={2018}
}



@inproceedings{vidgen2021learning,
  title={Learning from the Worst: Dynamically Generated Datasets to Improve Online Hate Detection},
  author={Vidgen, Bertie and Yasseri, Taha},
  booktitle={Proceedings of the 14th ACM Web Science Conference 2022},
  year={2021}
}

@inproceedings{pavlopoulos2020toxicity,
  title={Toxicity Detection: Does Context Really Matter?},
  author={Pavlopoulos, John and Malakasiotis, Prodromos and Androutsopoulos, Ion},
  booktitle={Proceedings of EMNLP},
  year={2020}
}
